<?xml version="1.0" encoding="UTF-8"?>
<collection xmlns:xsi="http://www.w3.org/2001/XMLSchema-instance" xsi:schemaLocation="http://www.loc.gov/MARC21/slim http://www.loc.gov/standards/marcxml/schema/MARC21slim.xsd" xmlns="http://www.loc.gov/MARC21/slim">
<record>
  <leader>00998cam a22002411  4500</leader>
  <controlfield tag="001">4825523</controlfield>
  <controlfield tag="003">NNC</controlfield>
  <controlfield tag="005">20151117190028.0</controlfield>
  <controlfield tag="008">040903m19549999ua            000 0 arard</controlfield>
  <datafield tag="035" ind1=" " ind2=" ">
    <subfield code="a">(OCoLC)234383923</subfield>
  </datafield>
  <datafield tag="035" ind1=" " ind2=" ">
    <subfield code="a">(OCoLC)ocn234383923</subfield>
  </datafield>
  <datafield tag="035" ind1=" " ind2=" ">
    <subfield code="a">(NNC)4825523</subfield>
  </datafield>
  <datafield tag="040" ind1=" " ind2=" ">
    <subfield code="a">NNC</subfield>
    <subfield code="c">NNC</subfield>
  </datafield>
  <datafield tag="100" ind1="0" ind2=" ">
    <subfield code="a">Ṭabarī,</subfield>
    <subfield code="d">838?-923.</subfield>
  </datafield>
  <datafield tag="240" ind1="1" ind2="0">
    <subfield code="a">Jāmiʻ al-bayān ʻan taʼwīl āy al-Quʼrān</subfield>
  </datafield>
  <datafield tag="245" ind1="1" ind2="0">
    <subfield code="a">Tafsīr al-Ṭabarī:</subfield>
    <subfield code="b">jāmiʻ al-bayān ʻan taʾwīl al-Quʾrān,</subfield>
    <subfield code="c">li-Abī Jaʻfār Muḥammad ibn Jarīr al-Ṭabarī; ḥaqqaqahu wa-ʻallaqá ḥawāshiyahu Maḥmūd Muḥammad Shākir; rājaʻahu wa-kharraja aḥādīthahu Ahṃad Muḥammad Shākir.</subfield>
  </datafield>
  <datafield tag="260" ind1=" " ind2=" ">
    <subfield code="a">Al-Qāhirah :</subfield>
    <subfield code="b">Dār al-Maʻārif,</subfield>
    <subfield code="c">[1954-</subfield>
  </datafield>
  <datafield tag="300" ind1=" " ind2=" ">
    <subfield code="a">v.</subfield>
  </datafield>
  <datafield tag="500" ind1=" " ind2=" ">
    <subfield code="a">At head of title: Turāth al-Islām.</subfield>
  </datafield>
  <datafield tag="500" ind1=" " ind2=" ">
    <subfield code="a">Vol. 1-13 edited in collaboration with Ahṃad Muḥammad Shākir.</subfield>
  </datafield>
  <datafield tag="630" ind1="0" ind2="0">
    <subfield code="a">Qurʼan</subfield>
    <subfield code="v">Commentaries.</subfield>
  </datafield>
  <datafield tag="700" ind1="1" ind2=" ">
    <subfield code="a">Shākir, Aḥmad Muḥammad.</subfield>
  </datafield>
  <datafield tag="955" ind1=" " ind2=" ">
    <subfield code="b">0057057460</subfield>
    <subfield code="d">glx</subfield>
    <subfield code="e">893.7K84 DT21</subfield>
    <subfield code="v">v.1</subfield>
  </datafield>
</record>
</collection>